% Encoding: UTF-8
@book{lucas1977,
  title={Star wars},
  author={Lucas, George and Powell, Moray},
  year={1977},
  publisher={Royal Blind Society of New South Wales.}
}

@article{brodeur2016,
  title={Star wars: The empirics strike back},
  author={Brodeur, Abel and L{\'e}, Mathias and Sangnier, Marc and Zylberberg, Yanos},
  journal={American Economic Journal: Applied Economics},
  volume={8},
  number={1},
  pages={1--32},
  year={2016}
}

@article{means1985,
  title={Star Wars: A developmental study of expert and novice knowledge structures},
  author={Means, Mary L and Voss, James F},
  journal={Journal of Memory and Language},
  volume={24},
  number={6},
  pages={746--757},
  year={1985},
  publisher={Elsevier}
}


@article{bundy1984,
  title={The President's choice: Star Wars or arms control},
  author={Bundy, McGeorge and Kennan, George F and McNamara, Robert S and Smith, Gerard},
  journal={Foreign Aff.},
  volume={63},
  pages={264},
  year={1984},
  publisher={HeinOnline}
}

@Manual{dplyr,
    title = {dplyr: A Grammar of Data Manipulation},
    author = {Hadley Wickham and Romain François and Lionel Henry and Kirill Müller},
    year = {2019},
    note = {R package version 0.8.3},
    url = {https://CRAN.R-project.org/package=dplyr},
 }

@Comment{jabref-meta: databaseType:bibtex;}
